% Encoding: UTF-8

@Article{gabriel2017social,
  author    = {Gabriel, Roland and R{\"o}hrs, Heinz-Peter},
  title     = {Social Media},
  journal   = {Potentiale, Trends, Chancen und Risiken, Berlin},
  year      = {2017},
  publisher = {Springer},
}

@Article{liu2016social,
  author    = {Liu, Yinyuan},
  title     = {Social Media in China},
  journal   = {Wie Deutsche Unternehmen soziale Medien im},
  year      = {2016},
  publisher = {Springer},
}

@Misc{b2bmehner,
  author = {Mehner M., Krauss V.},
  title  = {{WhatsApp in der B2B-Kommunikation â€“ diese Unternehmen machen es vor}},
  year   = {2019},
  note   = {\url{https://www.marconomy.de/whatsapp-in-der-b2b-kommunikation-diese-unternehmen-machen-es-vor-a-822145/}. (Abrufdatum: 12.01.2020)},
}

@Comment{jabref-meta: databaseType:bibtex;}
